<?xml version="1.0" encoding="UTF-8"?><collection xmlns="http://www.loc.gov/MARC21/slim"><record><leader>00431nam--2200133-i-4500</leader><controlfield tag="001">000045571</controlfield><controlfield tag="002">20161230</controlfield><controlfield tag="005">20161230201045</controlfield><controlfield tag="008">060222s1000------------r-----000-0-eng-d</controlfield><datafield ind1=" " ind2=" " tag="080"><subfield code="a">621.039.51</subfield></datafield><datafield ind1=" " ind2=" " tag="100"><subfield code="a">Turley, Richard Eyring</subfield></datafield><datafield ind1=" " ind2=" " tag="245"><subfield code="a">Perturbation theory applied to a variational analogy between reactor theory and classical mechanics. /thesis</subfield></datafield><datafield ind1=" " ind2=" " tag="260"><subfield code="a">Ann Arbor, Michigan, Univ.Microfilms Inc., 1966, 64p</subfield></datafield><datafield ind1=" " ind2=" " tag="852"><subfield code="a">29957</subfield></datafield></record></collection>